
@article{glibert_florida_2009,
	title = {Florida {Bay}: water quality status and trends, historic and emerging algal bloom problems},
	volume = {38},
	shorttitle = {Florida {Bay}: water quality status and trends, historic and emerging algal bloom problems},
	journal = {Contributions in Marine Science},
	author = {Glibert, P.M. and Heil, C.A. and Rudnick, D. and Madden, C. J. and Boyer, J. and Kelly, S.},
	year = {2009},
	pages = {5--17},
	file = {Glibert_2009 (2):/home/jose/.zotero/zotero/ehibwgkj.default/zotero/storage/CZ5R5BHS/Glibert_2009 (2).pdf:application/pdf;Glibert_2009 (2):/home/jose/.zotero/zotero/ehibwgkj.default/zotero/storage/E6RN96ZT/Glibert_2009 (2).pdf:application/pdf}
}


@article{glibert_evidence_2004,
	title = {Evidence for dissolved organic nitrogen and phosphorus uptake during a cyanobacterial bloom in {Florida} {Bay}},
	volume = {280},
	shorttitle = {Evidence for dissolved organic nitrogen and phosphorus uptake during a cyanobacterial bloom in {Florida} {Bay}},
	journal = {Marine Ecology-Progress Series},
	author = {Glibert, PM and Heil, C.A. and Hollander, D.J. and Revilla, M. and Hoare, A. and Alexander, J. and Murasko, S.},
	year = {2004},
	pages = {73},
	file = {viewcontent:/home/jose/.zotero/zotero/ehibwgkj.default/zotero/storage/STV5NVR7/viewcontent.pdf:application/pdf}
}


@article{phlips_blooms_1999,
	title = {Blooms of the picoplanktonic cyanobacterium {Synechococcus} in {Florida} {Bay}, a subtropical inner-shelf lagoon},
	volume = {44},
	shorttitle = {Blooms of the picoplanktonic cyanobacterium {Synechococcus} in {Florida} {Bay}, a subtropical inner-shelf lagoon},
	journal = {Limnology and Oceanography},
	author = {Phlips, EJ and Badylak, S and Lynch, TC},
	year = {1999},
	note = {4},
	pages = {1166--1175},
	file = {PhlipsBadylakLynch1999:/home/jose/.zotero/zotero/ehibwgkj.default/zotero/storage/D2N3MIND/PhlipsBadylakLynch1999.pdf:application/pdf}
}


@article{phlips_spatial_1996,
	title = {Spatial variability in phytoplankton standing crop and composition in a shallow inner-shelf lagoon, {Florida} {Bay}, {Florida}},
	volume = {58},
	shorttitle = {Spatial variability in phytoplankton standing crop and composition in a shallow inner-shelf lagoon, {Florida} {Bay}, {Florida}},
	number = {1},
	journal = {Bulletin of Marine Science},
	author = {Phlips, E.J. and Badylak, Susan},
	year = {1996},
	pages = {203--216},
	file = {s12:/home/jose/.zotero/zotero/ehibwgkj.default/zotero/storage/CDITVUF9/s12.pdf:application/pdf}
}

@article{seppala_ship_opportunity_2007,
	title = {Ship-of-opportunity based phycocyanin fluorescence monitoring of the filamentous cyanobacteria bloom dynamics in the {Baltic} {Sea}},
	volume = {73},
	shorttitle = {Ship-of-opportunity based phycocyanin fluorescence monitoring of the filamentous cyanobacteria bloom dynamics in the {Baltic} {Sea}},
	journal = {Estuarine, Coastal and Shelf Science},
	author = {Seppala, J. and Ylostalo, P.},
	year = {2007},
	pages = {489--500},
	file = {96141488:/home/jose/.zotero/zotero/ehibwgkj.default/zotero/storage/A2RUZRQS/96141488.pdf:application/pdf}
}

@article{boyer_2009,
	title = {Phytoplankton bloom status: {Chlorophyll} \emph{a} biomass as an indicator of water quality condition in the southern estuaries of {Florida}, {USA}},
	volume = {9},
	issn = {1470-160X},
	number = {6},
	journal = {Ecological Indicators},
	author = {Boyer, J. and Kelble, C.R. and Ortner, P.B. and Rudnick, D.T.},
	year = {2009},
	pages = {S56--S67},
	file = {Boyer09EcoInd-11-BloomChlAindic[1]:/home/jose/.zotero/zotero/hglwcpgi.default/zotero/storage/MN7ZP259/Boyer09EcoInd-11-BloomChlAindic[1].pdf:application/pdf}
}


@article{stachelek_application_2015,
	title = {Application of inverse path distance weighting for high-density spatial mapping of coastal water quality patterns},
	volume = {29},
	issn = {1365-8816, 1362-3087},
	doi = {10.1080/13658816.2015.1018833},
	language = {en},
	number = {7},
	urldate = {2015-08-06},
	journal = {International Journal of Geographical Information Science},
	author = {Stachelek, J. and Madden, C.J.},
	month = jul,
	year = {2015},
	pages = {1240--1250}
}

@article{briceno_climatic_2009,
	title = {Climatic {Controls} on {Phytoplankton} {Biomass} in a {Sub}-tropical {Estuary}, {Florida} {Bay}, {USA}},
	volume = {33},
	issn = {1223700991891},
	doi = {10.1007/s12237-009-9189-1},
	number = {2},
	journal = {Estuaries and Coasts},
	author = {Brice{\~n}o, Henry O. and Boyer, Joseph N.},
	month = jul,
	year = {2009},
	keywords = {chlorophyll a, climate signal, cusum, Florida Bay, hurricane impact, time series},
	pages = {541--553}
}

@article{rudnick_2006,
	title = {Report on algae {Blooms} in {Eastern Florida Bay} and {Southern Biscayne Bay}},
	year = {2006},
	journal = {South Florida Water Management District Technical Publication},
	author = {Rudnick, D. and Madden, C. and Kelly, S. and Bennett, R. and Cunniff, K.}
}

@article{peterson_potential_2006,
	title = {Potential role of sponge communities in controlling phytoplankton blooms in {Florida} {Bay}},
	volume = {328},
	doi = {10.3354/meps328093},
	journal = {Marine Ecology Progress Series},
	author = {Peterson, Bj and Chester, Cm and Jochem, Fj and Fourqurean, Jw},
	month = dec,
	year = {2006},
	keywords = {benthic grazing, Florida Bay, of the publisher, permitted without written consent, phytoplankton blooms, resale or republication not, sponges},
	pages = {93--103}
	}
	
	@article{childers_relating_2006,
	title = {Relating precipitation and water management to nutrient concentrations in the oligotrophic upside-down estuaries of the {Florida} {Everglades}},
	volume = {51},
	journal = {Limnology and Oceanography},
	author = {Childers, Daniel L. and Boyer, Joseph N. and Davis, Stephen E. and Madden, Christopher J. and Rudnick, David T. and Sklar, Fred H.},
	year = {2006},
	pages = {602--616},
}

@article{mfl_2014,
	title = {A Review and Evaluation of the Minimum Flow and Level Criteria for Northeastern {F}lorida {B}ay},
	volume = {51},
	url = {http://sfwmd.gov/portal/page/portal/xrepository/sfwmd_repository_pdf/nefb_mfl_update_support_document_june_2014.pdf},
	journal = {South Florida Water Management District, West Palm Beach, Florida, USA},
	author = {Alleman, R. and Madden, C.J. and Burns, S. and Doering, P. and Hunt, M. and Khatun, F. and McDonald, M. and Otero, J. and Stachelek, J.},
	year = {2014},
	pages = {169}
}


@article{cunningham_2003,
	title = {Fine-scale variability in phytoplankton community structure and inherent optical properties measured from an autonomous underwater vehicle},
	volume = {43},
	author = {Cunningham, A.},
	year = {2003}
}

@article{seppala_multivariate_2008,
	title = {Multivariate analysis of phytoplankton spectral in vivo fluorescence: estimation of phytoplankton biomass during a mesocosm study in the {Baltic} {Sea}},
	volume = {370},
	doi = {10.3354/meps07647},
	journal = {Marine Ecology Progress Series},
	author = {Sepp{\"a}l{\"a}, J and Olli, K},
	month = oct,
	year = {2008},
	keywords = {baltic sea, multivariate calibration, of the publisher, partial least squares, permitted without written consent, phytoplankton pigments, resale or republication not, spectral fluorescence signal},
	pages = {69--85},
	file = {m370p069:/home/jose/.zotero/zotero/hglwcpgi.default/zotero/storage/JW2JSGXP/m370p069.pdf:application/pdf}
}

@article{clayton,
	title = {Fine scale phytoplankton community structure across the Kuroshio Front},
	journal = {Journal of Phytoplankton Research},
	author = {Clayton, S.},
	year = {2014}
}

@article{cloern_patterns_2010,
	title = {Patterns and scales of phytoplankton variability in estuarine-coastal ecosystems},
	volume = {33},
	shorttitle = {Patterns and scales of phytoplankton variability in estuarine-coastal ecosystems},
	journal = {Estuaries and Coasts},
	author = {Cloern, J.E. and Jassby, A.D.},
	year = {2010},
	pages = {230--241},
	file = {cloern_jassby_2010[1]:/home/jose/.zotero/zotero/hglwcpgi.default/zotero/storage/QKA2UGBP/cloern_jassby_2010[1].pdf:application/pdf}
}

@article{burnham2004multimodel,
  title={Multimodel inference understanding AIC and BIC in model selection},
  author={Burnham, Kenneth P and Anderson, David R},
  journal={Sociological methods \& research},
  volume={33},
  number={2},
  pages={261--304},
  year={2004},
  publisher={Sage Publications}
}


@article{boyer_seasonal_1999,
	title = {Seasonal and long-term trends in the water quality of {Florida} {Bay} (1989-1997)},
	volume = {22},
	shorttitle = {Seasonal and long-term trends in the water quality of {Florida} {Bay} (1989-1997)},
	number = {2B},
	journal = {Estuaries},
	author = {Boyer, Joseph N. and Fourqurean, James W. and Jones, Ronald D.},
	year = {1999},
	pages = {417--430}
}

@article{kelble_2005,
  title={Attenuation of photosynthetically available radiation (PAR) in Florida Bay: Potential for light limitation of primary producers},
  author={Kelble, Christopher R and Ortner, Peter B and Hitchcock, Gary L and Boyer, Joseph N},
  journal={Estuaries},
  volume={28},
  number={4},
  pages={560--571},
  year={2005},
  publisher={Springer}
}

@article{rudnick_2005,
  title={A conceptual ecological model of Florida Bay},
  author={Rudnick, David T and Ortner, Peter B and Browder, Joan A and Davis, Steven M},
  journal={Wetlands},
  volume={25},
  number={4},
  pages={870--883},
  year={2005},
  publisher={Springer}
}

@article{zhang_2014,
  title={Carbon dynamics of {F}lorida {B}ay: spatiotemporal patterns and biological control},
  author={Zhang, Jia-Zhong and Fischer, Charles J},
  journal={Environmental science \& technology},
  volume={48},
  number={16},
  pages={9161--9169},
  year={2014},
  publisher={ACS Publications}
}

@article{fourqurean1993process,
  title={Processes influencing water column nutrient characteristics and phosphorus limitation of phytoplankton biomass in {F}lorida {B}ay, {FL}, {USA}: inferences from spatial distributions},
  author={Fourqurean, James W and Jones, Ronald D and Zieman, Joseph C},
  journal={Estuarine, Coastal and Shelf Science},
  volume={36},
  number={3},
  pages={295--314},
  year={1993},
  publisher={Elsevier}
}

@article{proctor2010new,
  title={New insights on obtaining phytoplankton concentration and composition from in situ multispectral Chlorophyll fluorescence},
  author={Proctor, Christopher W and Roesler, Collin S},
  journal={Limnology and Oceanography: Methods},
  volume={8},
  number={12},
  pages={695--708},
  year={2010},
  publisher={Wiley Online Library}
}

@book{mann2013dynamics,
  title={Dynamics of marine ecosystems: biological-physical interactions in the oceans},
  author={Mann, Kenneth Henry and Lazier, John RN},
  year={2013},
  publisher={John Wiley \& Sons}
}

@article{lawrence2004wind,
  title={Wind events and benthic-pelagic coupling in a shallow subtropical bay in Florida},
  author={Lawrence, David and Dagg, Michael J and Liu, Hongbin and Cummings, Shailer R and Ortner, Peter B and Kelble, Christopher},
  journal={Marine Ecology Progress Series},
  volume={266},
  pages={1--13},
  year={2004}
}
@article{anttila2008feasible,
  title={A feasible method to assess inaccuracy caused by patchiness in water quality monitoring},
  author={Anttila, Saku and Kairesalo, Timo and Pellikka, Petri},
  journal={Environmental monitoring and assessment},
  volume={142},
  number={1},
  pages={11--22},
  year={2008},
  publisher={Springer}
}
@article{madden1992instrument,
  title={An instrument system for high-speed mapping of chlorophyll a and physico-chemical variables in surface waters},
  author={Madden, Christopher J and Day, John W},
  journal={Estuaries},
  volume={15},
  number={3},
  pages={421--427},
  year={1992},
  publisher={Springer}
}

@book{venables2002modern,
  title={Modern applied statistics with S-PLUS},
  author={Venables, William N and Ripley, Brian D},
  year={2002},
  publisher={Springer Science \& Business Media}
}

@article{rudnick1999phosphorus,
  title={Phosphorus and nitrogen inputs to {F}lorida {B}ay: the importance of the {E}verglades watershed},
  author={Rudnick, DT and Chen, Z and Childers, DL and Fontaine, TD},
  journal={Estuaries},
  volume={22},
  number={2},
  pages={398--416},
  year={1999},
  publisher={Springer}
}

@article{lee2016circulation,
  title={Circulation and water renewal of {F}lorida {B}ay, {USA}},
  author={Lee, Thomas N and Melo, Nelson and Smith, Ned and Johns, Elizabeth M and Kelble, Christopher R and Smith, Ryan H and Ortner, Peter B},
  journal={Bulletin of Marine Science},
  volume={92},
  number={2},
  pages={153--180},
  year={2016},
  publisher={University of Miami-Rosenstiel School of Marine and Atmospheric Science}
}
@Manual{rcore_2015,
    title = {R: A Language and Environment for Statistical Computing},
    author = {{R Development Core Team}},
    organization = {R Foundation for Statistical Computing},
    address = {Vienna, Austria},
    year = {2015},
    note = {{ISBN} 3-900051-07-0},
    url = {http://www.R-project.org},
  }
  
@article{davis2004importance,
  title={Importance of storm events in controlling ecosystem structure and function in a Florida gulf coast estuary},
  author={Davis III, Stephen E and Cable, Jaye E and Childers, Daniel L and Coronado-Molina, Carlos and Day Jr, John W and Hittle, Clinton D and Madden, Christopher J and Reyes, Enrique and Rudnick, David and Sklar, Fred},
  journal={Journal of Coastal Research},
  pages={1198--1208},
  year={2004}
}

@article{sutula2003factors,
  title={Factors affecting spatial and temporal variability in material exchange between the {S}outhern {E}verglades wetlands and {F}lorida {B}ay ({USA})},
  author={Sutula, Martha A and Perez, Brian C and Reyes, Enrique and Childers, Daniel L and Davis, Steve and Day, John W and Rudnick, David and Sklar, Fred},
  journal={Estuarine, Coastal and Shelf Science},
  volume={57},
  number={5},
  pages={757--781},
  year={2003},
  publisher={Elsevier}
}

@article{borum2005potential,
  title={The potential role of plant oxygen and sulphide dynamics in die-off events of the tropical seagrass, {T}halassia testudinum},
  author={Borum, J and Pedersen, O and Greve, TM and Frankovich, TA and Zieman, JC and Fourqurean, James W and Madden, CJ},
  journal={Journal of Ecology},
  volume={93},
  number={1},
  pages={148--158},
  year={2005},
  publisher={Wiley Online Library}
}

@article{zieman1999seagrass,
  title={Seagrass die-off in {F}lorida {B}ay: long-term trends in abundance and growth of turtle grass, Thalassia testudinum},
  author={Zieman, Joseph C and Fourqurean, James W and Frankovich, Thomas A},
  journal={Estuaries and Coasts},
  volume={22},
  number={2},
  pages={460--470},
  year={1999},
  publisher={Springer}
}

@article{fourqurean2012carbon,
  title={Carbon, nitrogen and phosphorus storage in subtropical seagrass meadows: examples from {F}lorida {B}ay and {S}hark {B}ay},
  author={Fourqurean, James W and Kendrick, Gary A and Collins, Laurel S and Chambers, Randolph M and Vanderklift, Mathew A},
  journal={Marine and Freshwater Research},
  volume={63},
  number={11},
  pages={967--983},
  year={2012},
  publisher={CSIRO}
}

@article{zhang2004potential,
  title={Potential availability of sedimentary phosphorus to sediment resuspension in {F}lorida {B}ay},
  author={Zhang, Jia-Zhong and Fischer, Charles J and Ortner, Peter B},
  journal={Global Biogeochemical Cycles},
  volume={18},
  number={4},
  year={2004},
  publisher={Wiley Online Library}
}

@article{price2006coastal,
  title={Coastal groundwater discharge--an additional source of phosphorus for the oligotrophic wetlands of the Everglades},
  author={Price, Rene M and Swart, Peter K and Fourqurean, James W},
  journal={Hydrobiologia},
  volume={569},
  number={1},
  pages={23--36},
  year={2006},
  publisher={Springer}
}

@article{szmant1996water,
  title={Water column and sediment nitrogen and phosphorus distribution patterns in the {F}lorida {K}eys, {USA}},
  author={Szmant, AM and Forrester, A},
  journal={Coral Reefs},
  volume={15},
  number={1},
  pages={21--41},
  year={1996},
  publisher={Springer}
}

@Manual{dataflowr,
    title = {DataflowR: Toolbox for Processing and Viewing Underway Dataflow Output},
    author = {Joseph Stachelek},
    year = {2016},
    note = {{R} package version 0.2},
    url = {http://doi.org/10.5281/zenodo.376334}
  }
  
  @article{dugdale2012river,
  title={River flow and ammonium discharge determine spring phytoplankton blooms in an urbanized estuary},
  author={Dugdale, Richard and Wilkerson, Frances and Parker, Alexander E and Marchi, Al and Taberski, Karen},
  journal={Estuarine, Coastal and Shelf Science},
  volume={115},
  pages={187--199},
  year={2012},
  publisher={Elsevier}
}

@article{robblee1991mass,
  title={Mass mortality of the tropical seagrass {T}halassia testudinum in {F}lorida {B}ay ({USA}).},
  author={Robblee, MB and Barber, TR and Carlson Jr, PR and Durako, MJ and Fourqurean, JW and Muehlstein, LK and Porter, D and Yarbro, LA and Zieman, RT and Zieman, JC},
  journal={Marine {E}cology {P}rogress {S}eries},
  volume={71},
  number={3},
  pages={297--299},
  year={1991}
}

@article{madden2017,
  title={{F}lorida {B}ay Water Quality Estimated by Underway Flow-through Measurement},
  author={Madden, CJ and Stachelek, JS and Kelly, SP and Blaha, M},
  year={2017},
  journal={KNB Data Repository},
  url={http://dx.doi.org/10.5063/F11R6NGR}
}

@article{hall2016recurrence,
  title={Recurrence of {T}halassia testudinum seagrass die-off in {F}lorida {B}ay, {USA}: initial observations},
  author={Hall, Margaret O and Furman, Bradley T and Merello, Manuel and Durako, Michael J},
  journal={Marine Ecology Progress Series},
  volume={560},
  pages={243--249},
  year={2016}
}

@Manual{gdalutils,
    title = {gdalUtils: Wrappers for the Geospatial Data Abstraction Library (GDAL)
Utilities},
    author = {Jonathan Asher Greenberg and Matteo Mattiuzzi},
    year = {2015},
    note = {R package version 2.0.1.7},
    url = {https://CRAN.R-project.org/package=gdalUtils},
}

 @Manual{GDAL2017 ,
    title = {GDAL - Geospatial Data Abstraction Library, Version 2.2.1},
    author = {{GDAL Development Team}},
    organization = {Open Source Geospatial Foundation},
    year = {2017},
    url = {https://www.gdal.org},

}
  
@article{passarge2006competition,
  title={Competition for nutrients and light: stable coexistence, alternative stable states, or competitive exclusion?},
  author={Passarge, Jutta and Hol, Suzanne and Escher, Marieke and Huisman, Jef},
  journal={Ecological Monographs},
  volume={76},
  number={1},
  pages={57--72},
  year={2006},
  publisher={Wiley Online Library}
}

@article{maie2012application,
  title={Application of excitation emission matrix fluorescence monitoring in the assessment of spatial and seasonal drivers of dissolved organic matter composition: sources and physical disturbance controls},
  author={Maie, N and Yamashita, Y and Cory, RM and Boyer, Joseph N and Jaff{\'e}, R},
  journal={Applied Geochemistry},
  volume={27},
  number={4},
  pages={917--929},
  year={2012},
  publisher={Elsevier}
}

@Manual{dbhydror,
    title = {dbhydroR: Everglades Hydrologic and Water Quality Data from R},
    author = {Stachelek, J},
    year = {2017},
    url = {https://doi.org/10.5281/zenodo.838197},
  }
  
@article{shangguan2017phytoplankton,
  title={Phytoplankton assemblage response to changing nutrients in Florida Bay: Results of mesocosm studies},
  author={Shangguan, Yini and Glibert, Patricia M and Alexander, Jeffrey and Madden, Christopher J and Murasko, Susan},
  journal={Journal of Experimental Marine Biology and Ecology},
  volume={494},
  pages={38--53},
  year={2017},
  publisher={Elsevier}
}

@article{boyer2006role,
  title={The role of dissolved organic matter bioavailability in promoting phytoplankton blooms in Florida Bay},
  author={Boyer, Joseph N and Dailey, Susan K and Gibson, Patrick J and Rogers, Matthew T and Mir-Gonzalez, Danielle},
  journal={Hydrobiologia},
  volume={569},
  number={1},
  pages={71--85},
  year={2006},
  publisher={Springer}
}

@article{traving2017effect,
  title={The effect of increased loads of dissolved organic matter on estuarine microbial community composition and function},
  author={Traving, Sachia J and Rowe, Owen and Jakobsen, Nina M and S{\o}rensen, Helle and Dinasquet, Julie and Stedmon, Colin A and Andersson, Agneta and Riemann, Lasse},
  journal={Frontiers in microbiology},
  volume={8},
  year={2017},
  publisher={Frontiers Media SA}
}

@article{jordan2003morphometric,
  title={Morphometric analysis and tectonic interpretation of digital terrain data: a case study},
  author={Jordan, Gyozo},
  journal={Earth Surface Processes and Landforms},
  volume={28},
  number={8},
  pages={807--822},
  year={2003},
  publisher={Wiley Online Library}
}

@Manual{dataflowchl,
    title = {Code for fine-scale relationships between phytoplankton abundance and environmental drivers in {F}lorida {B}ay, {USA}},
    author = {Joseph Stachelek},
    year = {2017},
    note = {version 2},
    url = {https://doi.org/10.5281/zenodo.839335}
  }
